<record xmlns="http://www.loc.gov/MARC21/slim" xmlns:xsi="http://www.w3.org/2001/XMLSchema-instance" xsi:schemaLocation="http://www.loc.gov/MARC21/slim http://www.loc.gov/standards/marcxml/schema/MARC21slim.xsd"><leader>00908cz   2200229n  4500</leader><controlfield tag="001">oca00382467 </controlfield><controlfield tag="005">20040727052326.0</controlfield><controlfield tag="008">800903n| acannaabn          |a aaa      </controlfield><datafield ind1=" " ind2=" " tag="010"><subfield code="a">n  79151442 </subfield></datafield><datafield ind1=" " ind2=" " tag="040"><subfield code="a">DLC</subfield><subfield code="c">DLC</subfield><subfield code="d">DLC</subfield><subfield code="d">TNJ</subfield></datafield><datafield ind1="1" ind2=" " tag="100"><subfield code="a">Fronto, Marcus Cornelius</subfield></datafield><datafield ind1="1" ind2=" " tag="400"><subfield code="a">Fronto</subfield></datafield><datafield ind1="1" ind2=" " tag="400"><subfield code="a">Fronto, M. Cornelius</subfield><subfield code="q">(Marcus Cornelius)</subfield></datafield><datafield ind1="1" ind2=" " tag="400"><subfield code="a">Frontone</subfield></datafield><datafield ind1="1" ind2=" " tag="400"><subfield code="a">Frontone, M. Cornelio</subfield><subfield code="q">(Marco Cornelio)</subfield></datafield><datafield ind1="1" ind2=" " tag="400"><subfield code="a">Frontone, Marco Cornelio</subfield></datafield><datafield ind1="1" ind2=" " tag="400"><subfield code="a">Fronton</subfield></datafield><datafield ind1=" " ind2=" " tag="670"><subfield code="a">His M. Cornelii Frontonis Epistulae, 1954-</subfield></datafield><datafield ind1=" " ind2=" " tag="670"><subfield code="a">Ricerche su Frontone, 1994:</subfield><subfield code="b">p. 239 (Fronto) p. 241 (M. Cornelio Frontone; lawyer, orator)</subfield></datafield><datafield ind1=" " ind2=" " tag="670"><subfield code="a">Encic. ital.</subfield><subfield code="b">(Frontone, Marco Cornelio; M. Cornelius Fronto, 2nd cent. A.D.)</subfield></datafield><datafield ind1=" " ind2=" " tag="670"><subfield code="a">A commentary on the letters of ... 1999</subfield><subfield code="b">p. vii (Marcus Cornelius Fronto; b. ca. 90-95 A.D. in Cirta; d. ca. 167)</subfield></datafield><datafield ind1=" " ind2=" " tag="670"><subfield code="a">Correspondance, 2003:</subfield><subfield code="b">t.p. (Fronton)</subfield></datafield></record>